%--------- Templates for citation ------------

@book{Buch,
  title = {TITLE. SUBTITLE},
  author = {NACHNAME, VORNAME and NACHNAME, VORNAME},
  year = {YYYY},
  publisher = {VERLAG},
  location = {ORT}
}

@inbook{Sammelband,
  title = {TITLE. SUBTITLE},
  author = {NACHNAME, VORNAME and NACHNAME, VORNAME},
  year = {YYYY},
  booktitle = {BOOKTITLE},
  editor = {NACHNAME, VORNAME and NACHNAME, VORNAME},
  volume = {X},
  publisher = {VERLAG},
  location = {ORT},
  pages = {X--XX}
}

@online{Internet,
  author = {NACHNAME, VORNAME and NACHNAME, VORNAME},
  title = {TITLE},
  url = {LINK},
  year = {YYYY},
  urldate={YYYY-MM-DD}
}

@thesis{g,
  title = {TITLE. SUBTITLE},
  year = {YYYY},
  author = {NACHNAME, VORNAME},
  school = {EINRICHTUNG}
}

%--------- Templates for citation end ------------




%--------- recommended reading ------------

@book{xie2018,
  author = {Xie, Yihui and Allaire, J and Grolemund, Garrett},
  edition = {1},
  publisher = {Chapman and Hall/CRC},
  title = {{R Markdown: The Definitive Guide (Chapman & Hall/CRC The R Series)}},
  year = {2018},
}

@book{wickham2017,
  title={R for Data Science},
  author={Wickham, Hadley and Grolemund, Garrett},
  year={2017},
  publisher={O'Reilly}
}

@book{long2019,
  author = {Long, J and Teetor, Paul},
  publisher = {O'Reilly Media},
  title = {{R Cookbook: Proven Recipes for Data Analysis, Statistics, and Graphics}},
  year = {2019},
}
